@online{task,
    author = "Nils-Olav Skeie",
    year = "2021",
    title = "Software Analysis of a Control System",
    url  = "https://usn.instructure.com/courses/31275/files/3251101/download?wrap=1",
    addendum = "(accessed: 24.02.2024)",
}

@online{task_params_app,
	author = "Nils-Olav Skeie",
	year = "2024",
	title = "SCE 1306 OOA of Control System Assignment",
	url  = "https://usn.instructure.com/courses/31275/files/3251043/download?wrap=1",
	addendum = "(accessed: 24.02.2024)",
}

@online{lecture_notes,
	author = "Nils-Olav Skeie",
	year = "2023",
	title = "Lecture notes for object-oriented analysis, design, and programming using UML and C\#",
	url  = "https://usn.instructure.com/courses/31275/files/3251492?wrap=1",
	addendum = "(accessed: 25.02.2024)",
}

@online{github,
	author = "Torstein Solheim Olberg",
	year = "2024",
	title = "IIA1319/Assignment 2",
	url  = "https://github.com/MrTorstein/IIA1319/tree/main/Assignment%202",
	addendum = "(accessed: 27.02.2024)",
}